@book{Myers2003,
  added-at = {2011-03-14T01:05:33.000+0100},
  address = {New Jersey},
  author = {Myers, J. L. and Well, A. D.},
  biburl = {http://www.bibsonomy.org/bibtex/2474a4472b634e0b6f3602083f6ea785f/lantiq},
  groups = {public},
  interhash = {ffd5d82006dabd97b342bdd7b5d3e27a},
  intrahash = {474a4472b634e0b6f3602083f6ea785f},
  keywords = {statistics},
  publisher = {Lawrence Erlbaum Associates},
  timestamp = {2011-03-14T01:05:33.000+0100},
  title = {Research Design and Statistical Analysis},
  username = {lantiq},
  year = 2003
}

@article {JOSI:JOSI1783,
author = {Benne, Kenneth D. and Sheats, Paul},
title = {Functional Roles of Group Members},
journal = {Journal of Social Issues},
volume = {4},
number = {2},
publisher = {Blackwell Publishing Ltd},
issn = {1540-4560},
url = {http://dx.doi.org/10.1111/j.1540-4560.1948.tb01783.x},
doi = {10.1111/j.1540-4560.1948.tb01783.x},
pages = {41--49},
year = {1948},
}

@misc{acrobat,
  key = "acrobat",
  title = {{Adobe Acrobat Reader 7}},
   note = {\url{http://www.adobe.com/products/acrobat/}}
}

@article{ethics,
  title = {{Social Impacts of Computing: Codes of Professional Ethics}},
  author = {Ronald E. Anderson},
  doi = "10.1177/089443939201000402",
  journal = "Social Science Computer Review December",
  year = 1992,
  volume = 10,
  number = 4,
  pages = "453-469"
}

@misc{acm_categories,
  key = "association",
  title = {{How to Classify Works Using ACM's Computing Classification System}},
  note = {\url{http://www.acm.org/class/how_to_use.html}},
},

@inproceedings{Klemmer:2002:WSC:503376.503378,
 author = {Klemmer, Scott R. and Thomsen, Michael and Phelps-Goodman, Ethan and Lee, Robert and Landay, James A.},
 title = {Where do web sites come from?: capturing and interacting with design history},
 booktitle = {Proc. CHI 2002},
 year = {2002},
 pages = {1--8},
 publisher = {ACM Press},
} 

@inproceedings{Mather:2000:MUT,
  title = {Making up titles for conference papers},
  author = {Mather, B. D.},
  booktitle = {Ext. Abstracts CHI 2000},
  year = 2000,
  publisher = "ACM Press",
  pages = "1-2",
}

@book{Schwartz:1995:GBF,
  title = {{Guidelines for Bias-Free Writing}},
  author = {Schwartz, Marilyn},
  publisher = {Indiana University Press},
  location = {Bloomington, IN, USA},
  year = 1995,
}

@inproceedings{Zellweger:2001:FAO:504216.504224,
 author = {Zellweger, Polle T. and Bouvin, Niels Olof and Jeh{\o}j, Henning and Mackinlay, Jock D.},
 title = {Fluid annotations in an open world},
 booktitle = {Proc. Hypertext 2001},
 year = {2001},
 pages = {9--18},
 publisher = {ACM Press},
} 

@inproceedings{dickey2010lessons,
  title={Lessons from thoughtswap-ing: increasing participants' coordinative agency in facilitated discussions},
  author={Dickey-Kurdziolek, Margaret and Schaefer, Matthew and Tatar, Deborah and Renga, Ian P},
  booktitle={Proceedings of the 2010 ACM conference on Computer supported cooperative work},
  pages={81--90},
  year={2010},
  organization={ACM}
}

@article{brooke1996sus,
  title={SUS-A quick and dirty usability scale},
  author={Brooke, John},
  journal={Usability evaluation in industry},
  volume={189},
  pages={194},
  year={1996},
  publisher={London: Taylor \& Francis}
}
@book{haykin1994neural,
  title={Neural networks: a comprehensive foundation},
  author={Haykin, Simon},
  year={1994},
  publisher={Prentice Hall PTR}
}
@article{miura2011gkj,
  title={GKJ: Group KJ method support system utilizing digital pens},
  author={Miura, Motoki and Sugihara, Taro and Kunifuji, Susumu},
  journal={IEICE transactions on information and systems},
  volume={94},
  number={3},
  pages={456--464},
  year={2011},
  publisher={The Institute of Electronics, Information and Communication Engineers}
}
@inproceedings{ballendat2010proxemic,
  title={Proxemic interaction: designing for a proximity and orientation-aware environment},
  author={Ballendat, Till and Marquardt, Nicolai and Greenberg, Saul},
  booktitle={ACM International Conference on Interactive Tabletops and Surfaces},
  pages={121--130},
  year={2010},
  organization={ACM}
}
@inproceedings{Harboe:2013:UAP:2494091.2501087,
 author = {Harboe, Gunnar},
 title = {Understanding and Augmenting a Paper Arrangement-based Method},
 booktitle = {Proceedings of the 2013 ACM Conference on Pervasive and Ubiquitous Computing Adjunct Publication},
 series = {UbiComp '13 Adjunct},
 year = {2013},
 isbn = {978-1-4503-2215-7},
 location = {Zurich, Switzerland},
 pages = {343--348},
 numpages = {6},
 url = {http://doi.acm.org/10.1145/2494091.2501087},
 doi = {10.1145/2494091.2501087},
 acmid = {2501087},
 publisher = {ACM},
 address = {New York, NY, USA},
 keywords = {affinity diagram, augmented paper, implicit interaction},
} 
@inproceedings{Geyer:2011:DRI:2069618.2069647,
 author = {Geyer, Florian and Pfeil, Ulrike and H\"{o}chtl, Anita and Budzinski, Jochen and Reiterer, Harald},
 title = {Designing Reality-based Interfaces for Creative Group Work},
 booktitle = {Proceedings of the 8th ACM Conference on Creativity and Cognition},
 series = {C&C '11},
 year = {2011},
 isbn = {978-1-4503-0820-5},
 location = {Atlanta, Georgia, USA},
 pages = {165--174},
 numpages = {10},
 url = {http://doi.acm.org/10.1145/2069618.2069647},
 doi = {10.1145/2069618.2069647},
 acmid = {2069647},
 publisher = {ACM},
 address = {New York, NY, USA},
 keywords = {affinity diagramming, creative group work, digital pen ; paper, hybrid interactive surfaces, reality-based interaction},
} 
@incollection{radle2013twistersearch,
  title={TwisterSearch: A distributed user interface for collaborative Web search},
  author={R{\"a}dle, Roman and Jetter, Hans-Christian and Reiterer, Harald},
  booktitle={Distributed User Interfaces: Usability and Collaboration},
  pages={53--67},
  year={2013},
  publisher={Springer}
}

@article{brooke1996sus,
  title={SUS-A quick and dirty usability scale},
  author={Brooke, John},
  journal={Usability evaluation in industry},
  volume={189},
  pages={194},
  year={1996},
  publisher={London: Taylor \& Francis}
}
@inproceedings{Paul:2009:CES:1518701.1518974,
 author = {Paul, Sharoda A. and Morris, Meredith Ringel},
 title = {CoSense: Enhancing Sensemaking for Collaborative Web Search},
 booktitle = {Proceedings of the SIGCHI Conference on Human Factors in Computing Systems},
 series = {CHI '09},
 year = {2009},
 isbn = {978-1-60558-246-7},
 location = {Boston, MA, USA},
 pages = {1771--1780},
 numpages = {10},
 url = {http://doi.acm.org/10.1145/1518701.1518974},
 doi = {10.1145/1518701.1518974},
 acmid = {1518974},
 publisher = {ACM},
 address = {New York, NY, USA},
 keywords = {awareness, collaborative search, sensemaking, trajectories},
} 
@article{kawakita1991original,
  title={The original KJ method},
  author={Kawakita, Jiro},
  journal={Tokyo: Kawakita Research Institute},
  year={1991}
}
@article{widjaja2013discusys,
  title={Discusys: Multiple User Real-time Digital Sticky-note Affinity-diagram Brainstorming System},
  author={Widjaja, William and Yoshii, Keito and Haga, Kiyokazu and Takahashi, Makoto},
  journal={Procedia Computer Science},
  volume={22},
  pages={113--122},
  year={2013},
  publisher={Elsevier}
}
@article{patterson1979effects,
  title={Effects of seating arrangement on small-group behavior},
  author={Patterson, Miles L and Kelly, Carl E and Kondracki, Bruce A and Wulf, Linda J},
  journal={Social Psychology Quarterly},
  pages={180--185},
  year={1979},
  publisher={JSTOR}
}

@article{paulus2000idea,
  title={Idea generation in groups: A basis for creativity in organizations},
  author={Paulus, Paul B and Yang, Huei-Chuan},
  journal={Organizational behavior and human decision processes},
  volume={82},
  number={1},
  pages={76--87},
  year={2000},
  publisher={Elsevier}
}
@article{gallupe1992electronic,
  title={Electronic brainstorming and group size},
  author={Gallupe, R Brent and Dennis, Alan R and Cooper, William H and Valacich, Joseph S and Bastianutti, Lana M and Nunamaker, Jay F},
  journal={Academy of Management Journal},
  volume={35},
  number={2},
  pages={350--369},
  year={1992},
  publisher={Academy of Management}
}
@article{gallupe1994blocking,
  title={Blocking electronic brainstorms.},
  author={Gallupe, R Brent and Cooper, William H and Gris{\'e}, Mary-Liz and Bastianutti, Lana M},
  journal={Journal of applied psychology},
  volume={79},
  number={1},
  pages={77},
  year={1994},
  publisher={American Psychological Association}
}
@article{brown1996simple,
  title={A simple dynamic model of social factors in group brainstorming},
  author={Brown, Vincent and Paulus, Paul B},
  journal={Small Group Research},
  volume={27},
  number={1},
  pages={91--114},
  year={1996},
  publisher={Sage Publications}
}
@article{gallagher1993nominal,
  title={The nominal group technique: a research tool for general practice?},
  author={Gallagher, Morris and Hares, Tim and Spencer, John and Bradshaw, Colin and Webb, Ian},
  journal={Family Practice},
  volume={10},
  number={1},
  pages={76--81},
  year={1993},
  publisher={Oxford Univ Press}
}
@inproceedings{Tse:2008:ETM:1394445.1394457,
 author = {Tse, Edward and Greenberg, Saul and Shen, Chia and Forlines, Clifton and Kodama, Ryo},
 title = {Exploring True Multi-user Multimodal Interaction over a Digital Table},
 booktitle = {Proceedings of the 7th ACM Conference on Designing Interactive Systems},
 series = {DIS '08},
 year = {2008},
 isbn = {978-1-60558-002-9},
 location = {Cape Town, South Africa},
 pages = {109--118},
 numpages = {10},
 url = {http://doi.acm.org/10.1145/1394445.1394457},
 doi = {10.1145/1394445.1394457},
 acmid = {1394457},
 publisher = {ACM},
 address = {New York, NY, USA},
 keywords = {computer supported cooperative work, multimodal speech and gesture interfaces, tabletop interaction},
} 
@mastersthesis{publication-4659,
 author={Minke, Jonas},
 editor={Huang, Elaine May and Harboe, Gunnar},
 faculty={Faculty of Economics},
 institution={University of Zurich},
 pages=48,
 title={Augmentation of the affinity diagram: searching for notes on the affinity wall},
 year=2011,
}
@article{delbecq1971group,
  title={A group process model for problem identification and program planning},
  author={Delbecq, Andre L and Van de Ven, Andrew H},
  journal={The Journal of Applied Behavioral Science},
  volume={7},
  number={4},
  pages={466--492},
  year={1971},
  publisher={Sage Publications}
}
@book{kendon1990conducting,
  title={Conducting interaction: Patterns of behavior in focused encounters},
  author={Kendon, Adam},
  volume={7},
  year={1990},
  publisher={CUP Archive}
}
@inproceedings{Kendon:2009:SOC:2162410.2162411,
 author = {Kendon, Adam},
 title = {Spacing and Orientation in Co-present Interaction},
 booktitle = {Proceedings of the Second International Conference on Development of Multimodal Interfaces: Active Listening and Synchrony},
 series = {COST'09},
 year = {2010},
 isbn = {3-642-12396-1, 978-3-642-12396-2},
 location = {Dublin, Ireland},
 pages = {1--15},
 numpages = {15},
 url = {http://dx.doi.org/10.1007/978-3-642-12397-9_1},
 doi = {10.1007/978-3-642-12397-9_1},
 acmid = {2162411},
 publisher = {Springer-Verlag},
 address = {Berlin, Heidelberg},
 keywords = {face-to-face interaction, interpersonal spacing, orientation, posture, proxemics},
} 
@inproceedings{marshall2011using,
  title={Using F-formations to analyse spatial patterns of interaction in physical environments},
  author={Marshall, Paul and Rogers, Yvonne and Pantidi, Nadia},
  booktitle={Proceedings of the ACM 2011 conference on Computer supported cooperative work},
  pages={445--454},
  year={2011},
  organization={ACM}
}
@article{diehl1987productivity,
  title={Productivity loss in brainstorming groups: Toward the solution of a riddle.},
  author={Diehl, Michael and Stroebe, Wolfgang},
  journal={Journal of personality and social psychology},
  volume={53},
  number={3},
  pages={497},
  year={1987},
  publisher={American Psychological Association}
}
@article{mullen1991productivity,
  title={Productivity loss in brainstorming groups: A meta-analytic integration},
  author={Mullen, Brian and Johnson, Craig and Salas, Eduardo},
  journal={Basic and applied social psychology},
  volume={12},
  number={1},
  pages={3--23},
  year={1991},
  publisher={Taylor \& Francis}
}
@article{williams1989social,
  title={Social loafing and swimming: Effects of identifiability on individual and relay performance of intercollegiate swimmers},
  author={Williams, Kipling D and Nida, Steve A and Baca, Lawrence D and Latan{\'e}, Bibb},
  journal={Basic and Applied Social Psychology},
  volume={10},
  number={1},
  pages={73--81},
  year={1989},
  publisher={Taylor \& Francis}
}
@inproceedings{clayphan2011firestorm,
  title={Firestorm: a brainstorming application for collaborative group work at tabletops},
  author={Clayphan, Andrew and Collins, Anthony and Ackad, Christopher and Kummerfeld, Bob and Kay, Judy},
  booktitle={Proceedings of the ACM international conference on interactive tabletops and surfaces},
  pages={162--171},
  year={2011},
  organization={ACM}
}
@techreport{gartrell2010integrating,
  title={Integrating wikipedia and facebook context into collaborative e-brainstorming},
  author={Gartrell, Mike and Beach, Aaron and Ramanarayanankrishnaniyer, Jai and Xing, Xinyu and Han, Richard and Lv, Qin and Mishra, Shivakant and Seada, Karim},
  year={2010},
  institution={Technical Report CU-CS-1073-10, University of Colorado at Boulder}
}
@inproceedings{carstensen1999computer,
  title={Computer supported cooperative work: New challenges to systems design},
  author={Carstensen, Peter H and Schmidt, Kjeld},
  booktitle={In K. Itoh (Ed.), Handbook of Human Factors},
  year={1999},
  organization={Citeseer}
}
@book{baecker1995readings,
  title={Readings in Human-Computer Interaction: toward the year 2000},
  author={Baecker, Ronald M},
  year={1995},
  publisher={Morgan Kaufmann Pub}
}
@article{benford1994supporting,
  title={Supporting cooperative work in virtual environments},
  author={Benford, Steve and Bowers, John and Fahlen, Lennart E. and Mariani, John and Rodden, Tom},
  journal={The Computer Journal},
  volume={37},
  number={8},
  pages={653--668},
  year={1994},
  publisher={Br Computer Soc}H
}
@inproceedings{wangsa2011using,
  title={Using activity theory to develop requirements analysis framework for collaborative working environments},
  author={Wangsa, Ince T and Uden, Lorna and Mills, Stella F},
  booktitle={Computer Supported Cooperative Work in Design (CSCWD), 2011 15th International Conference on},
  pages={756--763},
  year={2011},
  organization={IEEE}
}
@inproceedings{wang2010idea,
  title={Idea Expander: Supporting group brainstorming with conversationally triggered visual thinking stimuli},
  author={Wang, Hao-Chuan and Cosley, Dan and Fussell, Susan R},
  booktitle={Proceedings of the 2010 ACM conference on Computer supported cooperative work},
  pages={103--106},
  year={2010},
  organization={ACM}
}
@inproceedings{martinez2007designing,
  title={Designing a generic collaborative working environment},
  author={Mart{\'\i}nez-Carreras, M Antonia and Ruiz-Mart{\'\i}nez, Antonio and Gomez-Skarmeta, Antonio F and Prinz, Wolfgang},
  booktitle={Web Services, 2007. ICWS 2007. IEEE International Conference on},
  pages={1080--1087},
  year={2007},
  organization={IEEE}
}
@article{grudin1994cscw,
  title={CSCW: History and focus},
  author={Grudin, Jonathan},
  journal={COMPUTER-LOS ALAMITOS-},
  volume={27},
  pages={19--19},
  year={1994},
  publisher={IEEE INSTITUTE OF ELECTRICAL AND ELECTRONICS}
}
@article{dong2011modeling,
  title={Modeling group discussion dynamics},
  author={Dong, Wen and Mani, Ankur and Pentland, Alex and Lepri, Bruno and Pianesi, Fabio},
  journal={IEEE Trans. Auton. Mental Dev},
  year={2011}
}
@article{kock2005collaboration,
  title={What is e-collaboration},
  author={Kock, Ned},
  journal={International Journal of E-collaboration},
  volume={1},
  number={1},
  pages={1--7},
  year={2005}
}
@incollection{jeners2013meta,
  title={A Meta-Model for Cooperation Systems},
  author={Jeners, Nils and Prinz, Wolfgang and Franken, Sebastian},
  booktitle={Collaborative Systems for Reindustrialization},
  pages={239--246},
  year={2013},
  publisher={Springer}
}
/@article{oppenheimer2008secret,
  title={The secret life of fluency},
  author={Oppenheimer, Daniel M},
  journal={Trends in cognitive sciences},
  volume={12},
  number={6},
  pages={237--241},
  year={2008},
  publisher={Elsevier}
}
@article{ghosh2013empirical,
  title={An Empirical Investigation of Two Group Idea Generation Techniques: Manual Versus Electronic Gallery Writing},
  author={Ghosh, Kaushik and Aiken, Milam},
  journal={International Journal of e-Collaboration (IJeC)},
  volume={9},
  number={2},
  pages={61--77},
  year={2013},
  publisher={IGI Global}
}
@article{mugge2012product,
  title={Product design and apparent usability. The influence of novelty in product appearance},
  author={Mugge, Ruth and Schoormans, Jan PL},
  journal={Applied ergonomics},
  volume={43},
  number={6},
  pages={1081--1088},
  year={2012},
  publisher={Elsevier}
}
@article{keary2012future,
  title={Future Directions of the Conferencing and Collaboration Field},
  author={Keary, Alfie and Redfern, Sam},
  journal={International Journal of e-Collaboration (IJeC)},
  volume={8},
  number={2},
  pages={47--70},
  year={2012},
  publisher={IGI Global}
}
@article{martz1992electronic,
  title={Electronic meeting systems: Results from the field},
  author={Martz Jr, William Benjamin and Vogel, Douglas R and Nunamaker Jr, Jay F},
  journal={Decision Support Systems},
  volume={8},
  number={2},
  pages={141--158},
  year={1992},
  publisher={Elsevier}
}
@article{benne1948functional,
  title={Functional roles of group members},
  author={Benne, Kenneth D and Sheats, Paul},
  journal={Journal of social issues},
  volume={4},
  number={2},
  pages={41--49},
  year={1948},
  publisher={Wiley Online Library}
}
@inproceedings{kerne2013evaluation,
  title={Evaluation methods for creativity support environments},
  author={Kerne, Andruid and Webb, Andrew M and Latulipe, Celine and Carroll, Erin and Drucker, Steven M and Candy, Linda and H{\"o}{\"o}k, Kristina},
  booktitle={CHI'13 Extended Abstracts on Human Factors in Computing Systems},
  pages={3295--3298},
  year={2013},
  organization={ACM}
}
@article{pinelle2003task,
  title={Task analysis for groupware usability evaluation: Modeling shared-workspace tasks with the mechanics of collaboration},
  author={Pinelle, David and Gutwin, Carl and Greenberg, Saul},
  journal={ACM Transactions on Computer-Human Interaction (TOCHI)},
  volume={10},
  number={4},
  pages={281--311},
  year={2003},
  publisher={ACM}
}
@inproceedings{ramakers2012carpus,
  title={Carpus: a non-intrusive user identification technique for interactive surfaces},
  author={Ramakers, Raf and Vanacken, Davy and Luyten, Kris and Coninx, Karin and Sch{\"o}ning, Johannes},
  booktitle={Proceedings of the 25th annual ACM symposium on User interface software and technology},
  pages={35--44},
  year={2012},
  organization={ACM}
}
@techreport{judge2008studying,
  title={Studying group decision making in affinity diagramming},
  author={Judge, Tejinder K and Pyla, Pardha S and McCrickard, D Scott and Harrison, Steve and Hartson, H Rex},
  year={2008},
  institution={Citeseer}
}
@incollection{lewis2009factor,
  title={The factor structure of the system usability scale},
  author={Lewis, James R and Sauro, Jeff},
  booktitle={Human Centered Design},
  pages={94--103},
  year={2009},
  publisher={Springer}
}
@article{nijstad2003production,
  title={Production blocking and idea generation: Does blocking interfere with cognitive processes?},
  author={Nijstad, Bernard A and Stroebe, Wolfgang and Lodewijkx, Hein FM},
  journal={Journal of Experimental Social Psychology},
  volume={39},
  number={6},
  pages={531--548},
  year={2003},
  publisher={Elsevier}
}
@article{munemori1996gungen,
  title={GUNGEN: groupware for a new idea generation support system},
  author={Munemori, Jun and Nagasawa, Yoji},
  journal={Information and Software Technology},
  volume={38},
  number={3},
  pages={213--220},
  year={1996},
  publisher={Elsevier}
}
@book{holtzblatt2005rapid,
  title={Rapid contextual design: a how-to guide to key techniques for user-centered design},
  author={Holtzblatt, Karen and Wendell, Jessamyn Burns and Wood, Shelley},
  year={2005},
  publisher={Elsevier}
}
@misc{ExitGames,
    Author = {Photon},
    Date-Added = {2014-04-12 09:15:03 +0000},
    Howpublished = {http://doc.exitgames.com/en/realtime/current/getting-started/realtime-intro},
    Lastchecked = {Apr 12, 2014},
    Month = {April},
    Title = {Documentation for Realtime using Photon Engine},
    Url = {http://doc.exitgames.com/en/realtime/current/getting-started/realtime-intro},
    Urldate = {Apr 12, 2014},
    Year = {2014}}
}
@article{collaros1969effect,
  title={Effect of perceived expertness upon creativity of members of brainstorming groups.},
  author={Collaros, Panayiota A and Anderson, Lynn R},
  journal={Journal of Applied Psychology},
  volume={53},
  number={2p1},
  pages={159},
  year={1969},
  publisher={American Psychological Association}
}
@article{paulus1993social,
  title={Social influence processes in group brainstorming.},
  author={Paulus, Paul B and Dzindolet, Mary T},
  journal={Journal of Personality and Social Psychology},
  volume={64},
  number={4},
  pages={575},
  year={1993},
  publisher={American Psychological Association}
}
@article{mullen1991productivity,
  title={Productivity loss in brainstorming groups: A meta-analytic integration},
  author={Mullen, Brian and Johnson, Craig and Salas, Eduardo},
  journal={Basic and applied social psychology},
  volume={12},
  number={1},
  pages={3--23},
  year={1991},
  publisher={Taylor \& Francis}
}
@inproceedings{DBLP:conf/eics/SangiorgiZMV13,
  author    = {Ugo Braga Sangiorgi and
               Mathieu Zen and
               Vivian Genaro Motti and
               Jean Vanderdonckt},
  title     = {Challenges on Distributing a Collaborative Sketching System
               Across Multiple Devices},
  booktitle = {DUI@EICS},
  year      = {2013},
  pages     = {50-53},
  crossref  = {DBLP:conf/eics/2013dui},
  bibsource = {DBLP, http://dblp.uni-trier.de}
}
@article{munemori1996gungen,
  title={GUNGEN: groupware for a new idea generation support system},
  author={Munemori, Jun and Nagasawa, Yoji},
  journal={Information and Software Technology},
  volume={38},
  number={3},
  pages={213--220},
  year={1996},
  publisher={Elsevier}
}
@book{Myers2003,
  added-at = {2011-03-14T01:05:33.000+0100},
  address = {New Jersey},
  author = {Myers, J. L. and Well, A. D.},
  biburl = {http://www.bibsonomy.org/bibtex/2474a4472b634e0b6f3602083f6ea785f/lantiq},
  groups = {public},
  interhash = {ffd5d82006dabd97b342bdd7b5d3e27a},
  intrahash = {474a4472b634e0b6f3602083f6ea785f},
  keywords = {statistics},
  publisher = {Lawrence Erlbaum Associates},
  timestamp = {2011-03-14T01:05:33.000+0100},
  title = {Research Design and Statistical Analysis},
  username = {lantiq},
  year = 2003
}
@article{bross1971critical,
  title={Critical levels, statistical language and scientific inference},
  author={Bross, Irwin DJ},
  journal={Foundations of Statistical Inference},
  pages={500--513},
  year={1971},
  publisher={Toronto: Holt, Rinehart and Winston}
}


@inproceedings{gutwin2000mechanics,
  title={The mechanics of collaboration: Developing low cost usability evaluation methods for shared workspaces},
  author={Gutwin, Carl and Greenberg, Saul},
  booktitle={Enabling Technologies: Infrastructure for Collaborative Enterprises, 2000.(WET ICE 2000). Proeedings. IEEE 9th International Workshops on},
  pages={98--103},
  year={2000},
  organization={IEEE}
}
@inproceedings{ispas2010paper,
  title={Paper-digital meeting support and review},
  author={Ispas, Adriana and Li, Nan and Norrie, Moira C and Signer, Beat},
  booktitle={Collaborative Computing: Networking, Applications and Worksharing (CollaborateCom), 2010 6th International Conference on},
  pages={1--10},
  year={2010},
  organization={IEEE}
}
@article{steimle2009coscribe,
  title={CoScribe: integrating paper and digital documents for collaborative knowledge work},
  author={Steimle, J{\"u}rgen and Brdiczka, Oliver and M{\"u}hlh{\"a}user, Max},
  journal={Learning Technologies, IEEE Transactions on},
  volume={2},
  number={3},
  pages={174--188},
  year={2009},
  publisher={IEEE}
}
@inproceedings{sugimoto2004caretta,
  title={Caretta: a system for supporting face-to-face collaboration by integrating personal and shared spaces},
  author={Sugimoto, Masanori and Hosoi, Kazuhiro and Hashizume, Hiromichi},
  booktitle={Proceedings of the SIGCHI conference on Human factors in computing systems},
  pages={41--48},
  year={2004},
  organization={ACM}
}
@article{greenberg1999pdas,
  title={PDAs and shared public displays: Making personal information public, and public information personal},
  author={Greenberg, Saul and Boyle, Michael and LaBerge, Jason},
  journal={Personal Technologies},
  volume={3},
  number={1-2},
  pages={54--64},
  year={1999},
  publisher={Springer}
}
@inproceedings{tang2004videoarms,
  title={VideoArms: supporting remote embodiment in groupware},
  author={Tang, Anthony and Neustaedter, Carman and Greenberg, Saul},
  booktitle={Video Proceedings of CSCW},
  volume={4},
  year={2004}
}
@inproceedings{klemmer2001designers,
  title={The designers' outpost: a tangible interface for collaborative web site},
  author={Klemmer, Scott R and Newman, Mark W and Farrell, Ryan and Bilezikjian, Mark and Landay, James A},
  booktitle={Proceedings of the 14th annual ACM symposium on User interface software and technology},
  pages={1--10},
  year={2001},
  organization={ACM}
}
@inproceedings{haller2010nice,
  title={The nice discussion room: Integrating paper and digital media to support co-located group meetings},
  author={Haller, Michael and Leitner, Jakob and Seifried, Thomas and Wallace, James R and Scott, Stacey D and Richter, Christoph and Brandl, Peter and Gokcezade, Adam and Hunter, Seth},
  booktitle={Proceedings of the SIGCHI Conference on Human Factors in Computing Systems},
  pages={609--618},
  year={2010},
  organization={ACM}
}
@inproceedings{hartmann2010pictionaire,
  title={Pictionaire: supporting collaborative design work by integrating physical and digital artifacts},
  author={Hartmann, Bj{\"o}rn and Morris, Meredith Ringel and Benko, Hrvoje and Wilson, Andrew D},
  booktitle={Proceedings of the 2010 ACM conference on Computer supported cooperative work},
  pages={421--424},
  year={2010},
  organization={ACM}
}
@article{huang2007design,
  title={When design just isn’t enough: the unanticipated challenges of the real world for large collaborative displays},
  author={Huang, Elaine M and Mynatt, Elizabeth D and Trimble, Jay P},
  journal={Personal and Ubiquitous Computing},
  volume={11},
  number={7},
  pages={537--547},
  year={2007},
  publisher={Springer}
}
@techreport{burtner2013affinity,
  title={Affinity+: Semi-Structured Brainstorming on Large Displays},
  author={Burtner, Edwin R and May, Richard A and Scarberry, Randall E and LaMothe, Ryan R and Endert, Alexander},
  year={2013},
  institution={Pacific Northwest National Laboratory (PNNL), Richland, WA (US)}
}
@article{judgeusing,
  title={Using Multiple Display Environments for Affinity Diagramming},
  author={Judge, Tejinder K and Pyla, Pardha S and McCrickard, D Scott and Harrison, Steve}
}
@inproceedings{wenzel2013towards,
  title={Towards cross-platform collaboration-Transferring real-time groupware to the browser},
  author={Wenzel, Matthias and Gericke, Lutz and Gumienny, Raja and Meinel, Christoph},
  booktitle={Computer Supported Cooperative Work in Design (CSCWD), 2013 IEEE 17th International Conference on},
  pages={49--54},
  year={2013},
  organization={IEEE}
}
@inproceedings{gumienny2011tele,
  title={Tele-Board: enabling efficient collaboration in digital design spaces},
  author={Gumienny, Raja and Gericke, Lutz and Quasthoff, Matthias and Willems, Christian and Meinel, Christoph},
  booktitle={Computer Supported Cooperative Work in Design (CSCWD), 2011 15th International Conference on},
  pages={47--54},
  year={2011},
  organization={IEEE}
}